@book{garnett_2007, title={Bounded Analytic Functions}, publisher={Springer New York}, author={Garnett, John B.}, year={2007}} 
@book{rudin_1974, title={Real and complex analysis}, publisher={McGraw-Hill}, author={Rudin, Walter}, year={1974}} 
@book{ford_1972, title={Automorphic functions}, publisher={Chelsea Publications}, author={Ford, Lester R.}, year={1972}} 
@book{dineen_2016, place={Mineola, NY}, title={The Schwarz lemma}, publisher={Dover Publications, Inc.}, author={Dineen Se\'{a}n}, year={2016}} 